<?xml version="1.0" encoding="UTF-8"?><collection xmlns="http://www.loc.gov/MARC21/slim"><record><leader>00524nam--2200193-u-4500</leader><controlfield tag="001">000055742</controlfield><controlfield tag="002">20161230</controlfield><controlfield tag="005">20161230201052</controlfield><controlfield tag="008">130409s1000------------r-----000-0-fre-d</controlfield><datafield ind1=" " ind2=" " tag="040"><subfield code="a">IFIN-HH</subfield></datafield><datafield ind1=" " ind2=" " tag="041"><subfield code="a">fre</subfield></datafield><datafield ind1=" " ind2=" " tag="080"><subfield code="a">001.891</subfield></datafield><datafield ind1="1" ind2=" " tag="100"><subfield code="a">Periin, Jean</subfield></datafield><datafield ind1="1" ind2="0" tag="245"><subfield code="a">La recherche scientifique</subfield><subfield code="b">Atomistique vol. i</subfield><subfield code="c">Jean perin</subfield></datafield><datafield ind1=" " ind2=" " tag="260"><subfield code="a">Paris</subfield><subfield code="b">Hermann &amp;cie, Editeurs</subfield><subfield code="c">1933</subfield></datafield><datafield ind1=" " ind2=" " tag="300"><subfield code="a">24P</subfield></datafield><datafield ind1=" " ind2=" " tag="490"><subfield code="a">Actualites Sceintifiques Et Industrielles</subfield><subfield code="v">Vol. 58</subfield></datafield><datafield ind1=" " ind2=" " tag="852"><subfield code="a">44506</subfield><subfield code="c">H.H</subfield></datafield><datafield ind1=" " ind2=" " tag="CAT"><subfield code="a">Sys</subfield><subfield code="c">20130409</subfield><subfield code="h">180104</subfield></datafield></record></collection>